<?xml version="1.0" encoding="UTF-8"?><collection xmlns="http://www.loc.gov/MARC21/slim"><record><leader>00468nam--2200169-i-4500</leader><controlfield tag="001">000029093</controlfield><controlfield tag="002">20161230</controlfield><controlfield tag="005">20161230201037</controlfield><controlfield tag="008">060222s1000------------r-----000-0-eng-d</controlfield><datafield ind1=" " ind2=" " tag="040"><subfield code="a">IFIN-HH</subfield></datafield><datafield ind1=" " ind2=" " tag="080"><subfield code="a">539.142.2:539.142.4</subfield></datafield><datafield ind1="1" ind2=" " tag="100"><subfield code="a">Levinson, C.A</subfield></datafield><datafield ind1="1" ind2="0" tag="245"><subfield code="a">Moments of inertia and the shell model</subfield><subfield code="c">C.a. levinson</subfield></datafield><datafield ind1=" " ind2=" " tag="260"><subfield code="a">Rehovoth</subfield><subfield code="b">Department Of Nuclear Physics</subfield><subfield code="c">/1963</subfield></datafield><datafield ind1=" " ind2=" " tag="300"><subfield code="a">15P.+ 3 FIG</subfield></datafield><datafield ind1=" " ind2=" " tag="852"><subfield code="a">18735</subfield><subfield code="c">539.14</subfield></datafield><datafield ind1=" " ind2=" " tag="CAT"><subfield code="a">Sys</subfield><subfield code="c">20120323</subfield><subfield code="h">094415</subfield></datafield></record></collection>